@INPROCEEDINGS{Izal04dissectingbittorrent,
    author = {M. Izal and G. Uroy-Keller and E.W. Biersack and P. A. Felber and A. Al Hamra and L. Garces-Erice},
    title = {Dissecting BitTorrent: Five Months In Torrent's Lifetime},
    booktitle = {},
    year = {2004},
    pages = {1--11}
}

@inproceedings{Wang2009,
 author = {Wang, Haiyang and Liu, Jiangchuan and Xu, Ke},
 title = {On the locality of BitTorrent-based video file swarming},
 booktitle = {Proceedings of the 8th international conference on Peer-to-peer systems},
 series = {IPTPS'09},
 year = {2009},
 location = {Boston, MA},
 pages = {12--12},
 numpages = {1},
 url = {http://portal.acm.org/citation.cfm?id=1855663.1855675},
 acmid = {1855675},
 publisher = {USENIX Association},
 address = {Berkeley, CA, USA},
} 

@inproceedings{Cuevas2010,
 author = {Cuevas, Rub\'{e}n and Laoutaris, Nikolaos and Yang, Xiaoyuan and Siganos, Georgos and Rodriguez, Pablo},
 title = {Deep diving into BitTorrent locality},
 booktitle = {Proceedings of the ACM SIGMETRICS international conference on Measurement and modeling of computer systems},
 series = {SIGMETRICS '10},
 year = {2010},
 isbn = {978-1-4503-0038-4},
 location = {New York, New York, USA},
 pages = {349--350},
 numpages = {2},
 url = {http://doi.acm.org/10.1145/1811039.1811081},
 doi = {http://doi.acm.org/10.1145/1811039.1811081},
 acmid = {1811081},
 publisher = {ACM},
 address = {New York, NY, USA},
 keywords = {BitTorrent, locality, measurements},
} 

@techreport{TR464,
  address = {Institut für Informatik},
  author = {Tobias Hoßfeld and David Hock and Simon Oechsner and Frank Lehrieder and Z. Despotovic and W. Kellerer and M. Michel},
  interhash = {9275ac45fe4ea919c6c5f65d35481593},
  intrahash = {d779975f01229bfe7d11ce5414d7aec2},
  number = 464,
  title = {Measurement of BitTorrent Swarms and their AS Topologies},
  type = {Technical Report},
  year = 2010,
  keywords = {imported myown},
  added-at = {2010-06-24T16:54:56.000+0200},
  pdf = {http://www3.informatik.uni-wuerzburg.de/TR/tr464.pdf},
  biburl = {http://www.bibsonomy.org/bibtex/2d779975f01229bfe7d11ce5414d7aec2/trcsuniwue},
  month = {November}
}